@article{Ackermann2018,
    author  = {Ackermann, Sandro and Schawinski, Kevin and Zhang, Ce and
               Weigel, Anna K and Turp, M Dennis},
    title   = {Using transfer learning to detect galaxy mergers},
    journal = {Monthly Notices of the Royal Astronomical Society},
    volume  = {479},
    number  = {1},
    pages   = {415-425},
    year    = {2018},
    doi     = {10.1093/mnras/sty1398},
    note    = {\url{http://dx.doi.org/10.1093/mnras/sty1398}}
}

@book{Bennett2005,
    author    = {Jeffrey Bennett and Megan Donahue and Nicholas Schneider and
                 Mark Voit},
    title     = {The Essential Cosmic Perspective},
    publisher = {Addison Wesley},
    address   = {San Francisco},
    year      = {2005},
    edition   = {3rd},
    isbn      = {0-8053-8934-2},
}

@misc{Zhu2005,
    author      = {Xiaojin Zhu},
    title       = {Semi-Supervised Learning Literature Survey},
    institution = {Computer Sciences, University of Wisconsin-Madison},
    number      = {1530},
    year        = {2005},
}

@misc{Settles2009,
    author      = {Burr Settles},
    institution = {University of Wisconsin--Madison}
    number      = {1648},
    title       = {Active Learning Literature Survey},
    type        = {Computer Sciences Technical Report},
    year        = {2009},
    note        = {\url{http://active-learning.net}},
}

@book{Goodfellow2016,
    title     = {Deep Learning},
    author    = {Ian Goodfellow and Yoshua Bengio and Aaron Courville},
    publisher = {MIT Press},
    address   = {Cambridge, MA},
    note      = {\url{http://www.deeplearningbook.org}},
    year      = {2016},
    isbn      = {978-0262035613}
}

@book{Sutton2018,
    title     = {Reinforcement Learning: An Introduction},
    author    = {Richard S. Sutton and Andrew G. Barto},
    publisher = {MIT Press},
    note      = {\url{http://incompleteideas.net/book/the-book.html}},
    address   = {Cambridge, MA},
    year      = {2018},
    isbn      = {978-0-262-19398-6}
}

@article{Richards2012,
    author  = {Joseph W. Richards and Dan L. Starr and Henrik Brink and
               Adam A. Miller and Joshua S. Bloom and Nathaniel R. Butler
               and J. Berian Jame s and James P. Long and John Rice},
    title   = {Active Learning to Overcome Sample Selection Bias: Application to
               Photometric Variable Star Classification},
    journal = {The Astrophysical Journal},
    volume  = {744},
    number  = {2},
    pages   = {192},
    note    = {\url{http://stacks.iop.org/0004-637X/744/i=2/a=192}},
    year    = {2012},
}

@article{Vilalta2017,
   author  = {Ricardo Vilalta},
   title   = {Transfer Learning in Astronomy: A New Machine-Learning Paradigm},
   journal = {18th International Workshop on Advanced Computing and Analysis Techniques in Physics Research (ACAT-17)},
   address = {Seattle, WA},
   year    = {2017},
   note    = {\url{https://indico.cern.ch/event/567550/papers/2660854/files/6014-acat17.pdf}},
}
