@article{torrey2010,
	title={Transfer Learning},
	author={Torrey, Lisa and Shavlik, Jude},
	doi={10.4018/978-1-60566-766-9.ch011},
	journal={Handbook of Research on Machine Learning Applications and Trends: Algorithms, Methods, and Techniques},
	year={2010},
	pages={242--264}
}

@article{daume2006,
	title={Domain adaptation for statistical classifiers},
	author={Daume III, Hal and Marcu, Daniel},
	journal={Journal of artificial Intelligence research},
	volume={26},
	pages={101--126},
	year={2006}
}

@article{weiss2016,
	author="Weiss, Karl and Khoshgoftaar, Taghi M. and Wang, DingDing",
	title="A survey of transfer learning",
	journal="Journal of Big Data",
	year="2016",
	month="May",
	day="28",
	volume="3",
	number="1",
	pages="9",
	issn="2196-1115",
	doi="10.1186/s40537-016-0043-6",
	url="https://doi.org/10.1186/s40537-016-0043-6"
}

@article{pan2010,
	author={S. J. {Pan} and Q. {Yang}},
	journal={IEEE Transactions on Knowledge and Data Engineering},
	title={A Survey on Transfer Learning},
	year={2010},
	volume={22},
	number={10},
	pages={1345--1359},
	doi={10.1109/TKDE.2009.191},
	issn={1041-4347},
	month={Oct}
}
